@inproceedings{schmidt2018wesad,
  title={Introducing wesad, a multimodal dataset for wearable stress and affect detection},
  author={Schmidt, Philip and Reiss, Attila and Duerichen, Robert and Marberger, Claus and Van Laerhoven, Kristof},
  booktitle={Proceedings of the 20th ACM international conference on multimodal interaction},
  pages={400--408},
  year={2018}
}

@article{nyquist1928certain,
  title={Certain topics in telegraph transmission theory},
  author={Nyquist, Harry},
  journal={Transactions of the American Institute of Electrical Engineers},
  volume={47},
  number={2},
  pages={617--644},
  year={1928},
  publisher={IEEE}
}

@article{can2019stress,
  title={Stress detection in daily life scenarios using smart phones and wearable sensors: A survey},
  author={Can, Yekta Said and Arnrich, Bert and Ersoy, Cem},
  journal={Journal of biomedical informatics},
  volume={92},
  pages={103139},
  year={2019},
  publisher={Elsevier}
}

@article{sharma2021review,
  title={A review of deep learning-based human activity recognition on benchmark video datasets},
  author={Sharma, Swati and Kiros, Ryan and Salakhutdinov, Ruslan},
  journal={Applied Sciences},
  volume={11},
  number={11},
  pages={4946},
  year={2021},
  publisher={MDPI}
}

@inproceedings{abadi2016deep,
  title={Deep learning with differential privacy},
  author={Abadi, Martin and Chu, Andy and Goodfellow, Ian and McMahan, H Brendan and Mironov, Ilya and Talwar, Kunal and Zhang, Li},
  booktitle={Proceedings of the 2016 ACM SIGSAC conference on computer and communications security},
  pages={308--318},
  year={2016}
}

@article{mcmahan2017communication,
  title={Communication-efficient learning of deep networks from decentralized data},
  author={McMahan, Brendan and Moore, Eider and Ramage, Daniel and Hampson, Seth and y Arcas, Blaise Aguera},
  journal={Artificial intelligence and statistics},
  pages={1273--1282},
  year={2017},
  organization={PMLR}
}

@article{sarkar2016wearable,
  title={Wearable sensors for remote health monitoring system},
  author={Sarkar, Santanu and Misra, Sudip},
  journal={IEEE Sensors Journal},
  volume={16},
  number={12},
  pages={5045--5055},
  year={2016},
  publisher={IEEE}
}

@article{schmidt2020heart,
  title={Heart rate variability analysis for stress assessment: A systematic review},
  author={Schmidt, Philip and others},
  journal={Frontiers in Physiology},
  volume={11},
  pages={505},
  year={2020}
}

@inproceedings{gjoreski2017continuous,
  title={Continuous stress detection using a wrist device: in laboratory and real life},
  author={Gjoreski, Martin and Lustrek, Mitja and Gams, Matjaz and Gjoreski, Hristijan},
  booktitle={Proceedings of the 2017 ACM International Joint Conference on Pervasive and Ubiquitous Computing},
  pages={1185--1193},
  year={2017}
}

@article{keshan2015machine,
  title={Machine learning for stress detection from ECG signals in automobile drivers},
  author={Keshan, Nivedita and Parimi, Pavan Kumar and Bichindaritz, Isabelle},
  journal={Proceedings of IEEE International Conference on Big Data},
  pages={2661--2669},
  year={2015}
}

@article{goodfellow2014generative,
  title={Generative adversarial nets},
  author={Goodfellow, Ian and Pouget-Abadie, Jean and Mirza, Mehdi and Xu, Bing and Warde-Farley, David and Ozair, Sherjil and Courville, Aaron and Bengio, Yoshua},
  journal={Advances in neural information processing systems},
  volume={27},
  year={2014}
}

@article{lecun2015deep,
  title={Deep learning},
  author={LeCun, Yann and Bengio, Yoshua and Hinton, Geoffrey},
  journal={Nature},
  volume={521},
  number={7553},
  pages={436--444},
  year={2015},
  publisher={Nature Publishing Group}
}

@article{kiranyaz2016convolutional,
  title={Convolutional neural networks for patient-specific ECG classification},
  author={Kiranyaz, Serkan and Ince, Turker and Gabbouj, Moncef},
  journal={Engineering in Medicine and Biology Society (EMBC), 37th Annual International Conference of the IEEE},
  pages={2608--2611},
  year={2016}
}

@inproceedings{hochreiter1997long,
  title={Long short-term memory},
  author={Hochreiter, Sepp and Schmidhuber, J{\"u}rgen},
  journal={Neural computation},
  volume={9},
  number={8},
  pages={1735--1780},
  year={1997},
  publisher={MIT Press}
}

@article{goldberger2000physiobank,
  title={PhysioBank, PhysioToolkit, and PhysioNet: components of a new research resource for complex physiologic signals},
  author={Goldberger, Ary L and Amaral, Luis AN and Glass, Leon and Hausdorff, Jeffrey M and Ivanov, Plamen Ch and Mark, Roger G and Mietus, Joseph E and Moody, George B and Peng, Chung-Kang and Stanley, H Eugene},
  journal={circulation},
  volume={101},
  number={23},
  pages={e215--e220},
  year={2000},
  publisher={Am Heart Assoc}
}

@article{rieke2020future,
  title={The future of digital health with federated learning},
  author={Rieke, Nicola and Hancox, Jonny and Li, Wenqi and Milletari, Fausto and Roth, Holger R and Albarqouni, Shadi and Bakas, Spyridon and Galtier, Mathieu N and Landman, Bennett A and Maier-Hein, Klaus and others},
  journal={NPJ digital medicine},
  volume={3},
  number={1},
  pages={119},
  year={2020},
  publisher={Nature Publishing Group}
}

@article{li2020federated,
  title={Federated learning: Challenges, methods, and future directions},
  author={Li, Tian and Sahu, Anit Kumar and Talwalkar, Ameet and Smith, Virginia},
  journal={IEEE Signal Processing Magazine},
  volume={37},
  number={3},
  pages={50--60},
  year={2020},
  publisher={IEEE}
}

@inproceedings{bonawitz2017practical,
  title={Practical secure aggregation for privacy-preserving machine learning},
  author={Bonawitz, Keith and Ivanov, Vladimir and Kreuter, Ben and Marcedone, Antonio and McMahan, H Brendan and Patel, Sarvar and Ramage, Daniel and Segal, Aaron and Seth, Karn},
  booktitle={proceedings of the 2017 ACM SIGSAC Conference on Computer and Communications Security},
  pages={1175--1191},
  year={2017}
}

@article{dwork2014algorithmic,
  title={The algorithmic foundations of differential privacy},
  author={Dwork, Cynthia and Roth, Aaron},
  journal={Foundations and Trends in Theoretical Computer Science},
  volume={9},
  number={3-4},
  pages={211--407},
  year={2014},
  publisher={Now Publishers, Inc.}
}

@article{yousefpour2021opacus,
  title={Opacus: User-friendly differential privacy library in PyTorch},
  author={Yousefpour, Ashkan and Shilov, Igor and Sablayrolles, Alexandre and Testuggine, Davide and Prasad, Karthik and Malek, Mani and Nguyen, John and Ghosh, Sayan and Bharadwaj, Akash and Zhao, Jessica and others},
  journal={arXiv preprint arXiv:2109.12298},
  year={2021}
}

@book{voigt2017gdpr,
  title={The EU general data protection regulation (GDPR): A practical guide},
  author={Voigt, Paul and Von dem Bussche, Axel},
  year={2017},
  publisher={Springer International Publishing}
}

@article{nasr2019comprehensive,
  title={Comprehensive privacy analysis of deep learning: Passive and active white-box inference attacks against centralized and federated learning},
  author={Nasr, Milad and Shokri, Reza and Houmansadr, Amir},
  booktitle={2019 IEEE symposium on security and privacy (SP)},
  pages={739--753},
  year={2019},
  organization={IEEE}
}

@misc{tensorflow_federated,
  title={TensorFlow Federated},
  author={{TensorFlow}},
  howpublished={\url{https://www.tensorflow.org/federated}},
  year={2019}
}

@article{kemp2000analysis,
  title={Analysis of a sleep-dependent neuronal feedback loop: the slow-wave microcontinuity of the EEG},
  author={Kemp, Bob and Zwinderman, Aeilko H and Tuk, Bert and Kamphuisen, Hil AC and Oberye, Jocelyne JL},
  journal={IEEE Transactions on Biomedical Engineering},
  volume={47},
  number={9},
  pages={1185--1194},
  year={2000},
  publisher={IEEE}
}

